<?xml version="1.0" encoding="UTF-8"?><record xmlns="http://www.loc.gov/MARC21/slim" xmlns:cinclude="http://apache.org/cocoon/include/1.0" xmlns:zs="http://www.loc.gov/zing/srw/">
  <leader>00625cz  a2200181n  4500</leader>
  <controlfield tag="001">nr2003025506</controlfield>
  <controlfield tag="003">DLC</controlfield>
  <controlfield tag="005">20130322105244.0</controlfield>
  <controlfield tag="008">030806n| azannaabn          |a aaa     c</controlfield>
  <datafield tag="010" ind1=" " ind2=" ">
    <subfield code="a">nr2003025506</subfield>
  </datafield>
  <datafield tag="040" ind1=" " ind2=" ">
    <subfield code="a">UkCU</subfield>
    <subfield code="b">eng</subfield>
    <subfield code="e">rda</subfield>
    <subfield code="c">UkCU</subfield>
    <subfield code="d">DLC</subfield>
  </datafield>
  <datafield tag="046" ind1=" " ind2=" ">
    <subfield code="f">1893</subfield>
  </datafield>
  <datafield tag="100" ind1="1" ind2=" ">
    <subfield code="a">Sellar, R. J. B.</subfield>
    <subfield code="q">(Robert James Batchen),</subfield>
    <subfield code="d">1893-</subfield>
  </datafield>
  <datafield tag="378" ind1=" " ind2=" ">
    <subfield code="q">Robert James Batchen</subfield>
  </datafield>
  <datafield tag="400" ind1="1" ind2=" ">
    <subfield code="w">nnea</subfield>
    <subfield code="a">Sellar, R. J. B.</subfield>
    <subfield code="q">(Robert James Batchen),</subfield>
    <subfield code="d">b. 1893</subfield>
  </datafield>
  <datafield tag="400" ind1="1" ind2=" ">
    <subfield code="a">Sellar, Robert James Batchen,</subfield>
    <subfield code="d">1893-</subfield>
  </datafield>
  <datafield tag="670" ind1=" " ind2=" ">
    <subfield code="a">They took the High Road, 1949:</subfield>
    <subfield code="b">t.p. (R.J.B. Sellar)</subfield>
  </datafield>
  <datafield tag="670" ind1=" " ind2=" ">
    <subfield code="a">LC database, Aug. 6, 2003</subfield>
    <subfield code="b">(hdg.: Sellar, Robert James Batchen, 1893-)</subfield>
  </datafield>
</record>